@inproceedings{gvsets_2019,
  AUTHOR = {{R. VanVossen, J. Millwood, C. Guikema, L. Elliott, J. Roach}},
  TITLE = {The seL4 Microkernel â€“ A Robust, Resilient, and Open-Source Foundation for Ground Vehicle Electronics Architecture},
  YEAR = {2019},
  MONTH = Aug,
  KEYWORDS = {NDIA},
  ADDRESS = {Novi, MI},
  BOOKTITLE = {{In Proceedings of the Ground Vehicle Systems Engineering and Technology Symposium (GVSETS)}},
  URL = {http://gvsets.ndia-mich.org/documents/VEA/2019/The_seL4_Microkernel_VanVossen_Robert_01July2019.pdf}
}

@inproceedings{gvsets_2016,
  AUTHOR = {Robert VanVossen},
  TITLE = {{XEN ON THE ZYNQ ULTRASCALE+ MPSOC}},
  YEAR = {2016},
  MONTH = Aug,
  KEYWORDS = {NDIA},
  ADDRESS = {Novi, MI},
  BOOKTITLE = {{In Proceedings of the Ground Vehicle Systems Engineering and Technology Symposium (GVSETS)}},
  URL = {http://gvsets.ndia-mich.org/publication.php?documentID=60}
}